@online{96/53/EC,
	author = {THE COUNCIL OF THE EUROPEAN UNION},
	ALTeditor = {editor},
	title = {Council Directive 96/53/EC},
	date = {1996-07-25},
	url = {http://eur-lex.europa.eu/legal-content/EN/TXT/PDF/?uri=CELEX:31996L0053&from=en},
	OPTsubtitle = {subtitle},
	OPTtitleaddon = {titleaddon},
	OPTlanguage = {language},
	OPTversion = {version},
	OPTnote = {note},
	OPTorganization = {organization},
	OPTdate = {date},
	OPTmonth = {month},
	OPTyear = {year},
	OPTaddendum = {addendum},
	OPTpubstate = {pubstate},
	urldate = {2015-02-05},
}
@online{Vaegverket,
	author = {V{\"a}gverket},
	ALTeditor = {editor},
	title = {Weight and Dimensions for Road Traffic},
	date = {},
	url = {http://www.unece.org/fileadmin/DAM/trans/wp24/wp24-presentations/documents/pres08-04.pdf},
	OPTsubtitle = {subtitle},
	OPTtitleaddon = {titleaddon},
	OPTlanguage = {language},
	OPTversion = {version},
	OPTnote = {note},
	OPTorganization = {organization},
	OPTdate = {date},
	OPTmonth = {month},
	OPTyear = {year},
	OPTaddendum = {addendum},
	OPTpubstate = {pubstate},
	urldate = {2015-02-05},
}
@online{LCV_Australia,
	author = {Department of Transport and Main Roads},
	ALTeditor = {editor},
	title = {Guideline for
	Multi-combination
	Vehicles in Queensland},
	date = {2013-07},
	url = {http://www.tmr.qld.gov.au/~/media/busind/Heavyvehicles/guidepermits/Guideline_mcv_form1.pdf},
	OPTsubtitle = {subtitle},
	OPTtitleaddon = {titleaddon},
	OPTlanguage = {language},
	OPTversion = {version},
	OPTnote = {note},
	OPTorganization = {organization},
	OPTdate = {date},
	OPTmonth = {month},
	OPTyear = {year},
	OPTaddendum = {addendum},
	OPTpubstate = {pubstate},
	urldate = {2015-02-09},
}
@online{LCV_USA,
	author = {U.S. Environmental Protection Agency},
	ALTeditor = {editor},
	title = {Longer combination vehicles},
	date = {2010},
	url = {http://www.epa.gov/smartway/forpartners/documents/trucks/techsheets-truck/420f10053.pdf},
	subtitle = {a glance at clean freight strategies},
	OPTtitleaddon = {titleaddon},
	OPTlanguage = {language},
	OPTversion = {version},
	OPTnote = {note},
	OPTorganization = {organization},
	OPTdate = {date},
	OPTmonth = {month},
	OPTyear = {year},
	OPTaddendum = {addendum},
	OPTpubstate = {pubstate},
	urldate = {2015-02-09},
}
@online{LCV_Canada,
	author = {Alberta Infrastructure and Transportation},
	ALTeditor = {editor},
	title = {Highway Provider View
	of
	Long Combination
	Vehicles},
	date = {2005-03},
	url = {http://www.transportation.alberta.ca/Content/docType59/Production/FAQs%28US%29.pdf},
	OPTsubtitle = {subtitle},
	OPTtitleaddon = {titleaddon},
	OPTlanguage = {language},
	OPTversion = {version},
	OPTnote = {note},
	OPTorganization = {organization},
	OPTdate = {date},
	OPTmonth = {month},
	OPTyear = {year},
	OPTaddendum = {addendum},
	OPTpubstate = {pubstate},
	urldate = {2015-02-09},
}
@online{LCV_Mexico,
	author = {Transportation Research Board},
	ALTeditor = {editor},
	title = {REVIEW OF MEXICAN EXPERIENCE WITH THE REGULATION
	OF LARGE COMMERCIAL MOTOR VEHICLES},
	date = {2011-10},
	url = {http://onlinepubs.trb.org/onlinepubs/nchrp/nchrp_rrd_362.pdf},
	OPTsubtitle = {subtitle},
	OPTtitleaddon = {titleaddon},
	OPTlanguage = {language},
	OPTversion = {version},
	OPTnote = {note},
	OPTorganization = {organization},
	OPTdate = {date},
	OPTmonth = {month},
	OPTyear = {year},
	OPTaddendum = {addendum},
	OPTpubstate = {pubstate},
	urldate = {2015-02-09},
}
@article{backman2002improved,
	title={Improved performance of European long haulage transport},
	author={Backman, Haide and Nordstr{\"o}m, Rolf},
	journal={Transport Research Institute (TfK), Stockholm},
	year={2002}
}
@article{doll2009long,
	title={Long-Term Climate Impacts of the Introduction of Mega-Trucks, Study to the Community of European Railways and Infrastructure Companies (CER)},
	author={Doll, Claus and Fiorello, Davide and Pastori, Enrico and Reynaud, Christian and Klaus, Peter and L{\"u}ckmann, Patrick and Kochsiek, J and Hesse, K},
	journal={Fraunhofer ISI (Study Co-Ordinator, Karlsruhe) TRT (Milan), NESTEAR (Gentilly), Fraunhofer-ATL (Nuremberg), Fraunhofer-IML (Dortmund), Karlsruhe},
	year={2009}
}