
@article{greenhouse_gas_emisions,
	title = "Greenhouse gas emissions and the surface transport of freight in Canada ",
	journal = "Transportation Research Part D: Transport and Environment ",
	volume = "11",
	number = "5",
	pages = "369 - 376",
	year = "2006",
	note = "",
	issn = "1361-9209",
	doi = "http://dx.doi.org/10.1016/j.trd.2006.07.003",
	url = "http://www.sciencedirect.com/science/article/pii/S1361920906000411",
	author = "Paul Steenhof and Clarence Woudsma and Erik Sparling"
}

@inproceedings{balint2013correlation,
	title="Correlation between truck combination length and injury risk",
	author="B{\'a}lint, Andr{\'a}s and Fagerlind, Helen and Martinsson, Jan and Holmqvist, Kristian",
	booktitle="Australasian College of Road Safety Conference, 2013, Adelaide, South Australia, Australia",
	year="2013"
}
